<marcxml:record xmlns:marcxml="http://www.loc.gov/MARC21/slim" xmlns:mets="http://www.loc.gov/METS/" xmlns:bf="http://id.loc.gov/ontologies/bibframe/" xmlns:bflc="http://id.loc.gov/ontologies/bflc/" xmlns:madsrdf="http://www.loc.gov/mads/rdf/v1#" xmlns:rdf="http://www.w3.org/1999/02/22-rdf-syntax-ns#" xmlns:ri="http://id.loc.gov/ontologies/RecordInfo#" xmlns:idx="info:lc/xq-modules/lcindex" xmlns:semtriples="http://marklogic.com/semantic" xmlns:xsi="http://www.w3.org/2001/XMLSchema-instance" xmlns:xlink="http://www.w3.org/1999/xlink" xmlns:streams="info:lc/streams#">
  <marcxml:leader>01538cam a22003134a 4500</marcxml:leader>
  <marcxml:controlfield tag="001">12922621</marcxml:controlfield>
  <marcxml:controlfield tag="005">20180501112329.0</marcxml:controlfield>
  <marcxml:controlfield tag="008">020909s2003    nyu           000 0deng  </marcxml:controlfield>
  <marcxml:datafield tag="906" ind1=" " ind2=" ">
    <marcxml:subfield code="a">7</marcxml:subfield>
    <marcxml:subfield code="b">cbc</marcxml:subfield>
    <marcxml:subfield code="c">orignew</marcxml:subfield>
    <marcxml:subfield code="d">1</marcxml:subfield>
    <marcxml:subfield code="e">ocip</marcxml:subfield>
    <marcxml:subfield code="f">20</marcxml:subfield>
    <marcxml:subfield code="g">y-gencatlg</marcxml:subfield>
  </marcxml:datafield>
  <marcxml:datafield tag="925" ind1="0" ind2=" ">
    <marcxml:subfield code="a">acquire</marcxml:subfield>
    <marcxml:subfield code="b">1 shelf copy</marcxml:subfield>
    <marcxml:subfield code="x">policy default</marcxml:subfield>
  </marcxml:datafield>
  <marcxml:datafield tag="925" ind1="1" ind2=" ">
    <marcxml:subfield code="a">acquire</marcxml:subfield>
    <marcxml:subfield code="b">2 shelf copies</marcxml:subfield>
    <marcxml:subfield code="x">policy default</marcxml:subfield>
  </marcxml:datafield>
  <marcxml:datafield tag="955" ind1=" " ind2=" ">
    <marcxml:subfield code="a">pc17 2002-09-09 to HLCD</marcxml:subfield>
    <marcxml:subfield code="a">yh00 2002-09-10</marcxml:subfield>
    <marcxml:subfield code="c">yh06 2002-09-10 to subj.</marcxml:subfield>
    <marcxml:subfield code="d">yh45 2002-09-10</marcxml:subfield>
    <marcxml:subfield code="e">yh31 2002-09-11 to Dewey</marcxml:subfield>
    <marcxml:subfield code="a">aa03 2002-09-11</marcxml:subfield>
    <marcxml:subfield code="a">ps02 2003-04-03 1 copy rec'd., to CIP ver.</marcxml:subfield>
    <marcxml:subfield code="a">yh00 2003-04-07</marcxml:subfield>
    <marcxml:subfield code="f">yh06 2003-04-14</marcxml:subfield>
    <marcxml:subfield code="e">yh31 2003-04-14 to BCCD</marcxml:subfield>
    <marcxml:subfield code="a">pv19 2003-05-30 cp 2 to BCCD</marcxml:subfield>
  </marcxml:datafield>
  <marcxml:datafield tag="010" ind1=" " ind2=" ">
    <marcxml:subfield code="a">  2002030866</marcxml:subfield>
  </marcxml:datafield>
  <marcxml:datafield tag="020" ind1=" " ind2=" ">
    <marcxml:subfield code="a">0743235355</marcxml:subfield>
  </marcxml:datafield>
  <marcxml:datafield tag="040" ind1=" " ind2=" ">
    <marcxml:subfield code="a">DLC</marcxml:subfield>
    <marcxml:subfield code="c">DLC</marcxml:subfield>
    <marcxml:subfield code="d">DLC</marcxml:subfield>
  </marcxml:datafield>
  <marcxml:datafield tag="042" ind1=" " ind2=" ">
    <marcxml:subfield code="a">pcc</marcxml:subfield>
  </marcxml:datafield>
  <marcxml:datafield tag="043" ind1=" " ind2=" ">
    <marcxml:subfield code="a">ap-----</marcxml:subfield>
    <marcxml:subfield code="a">n-us---</marcxml:subfield>
  </marcxml:datafield>
  <marcxml:datafield tag="050" ind1="0" ind2="0">
    <marcxml:subfield code="a">DS79.74</marcxml:subfield>
    <marcxml:subfield code="b">.S96 2003</marcxml:subfield>
  </marcxml:datafield>
  <marcxml:datafield tag="082" ind1="0" ind2="0">
    <marcxml:subfield code="a">956.7044/245</marcxml:subfield>
    <marcxml:subfield code="2">21</marcxml:subfield>
  </marcxml:datafield>
  <marcxml:datafield tag="100" ind1="1" ind2=" ">
    <marcxml:subfield code="a">Swofford, Anthony.</marcxml:subfield>
  </marcxml:datafield>
  <marcxml:datafield tag="245" ind1="1" ind2="0">
    <marcxml:subfield code="a">Jarhead :</marcxml:subfield>
    <marcxml:subfield code="b">a Marine's chronicle of the Gulf War and other battles /</marcxml:subfield>
    <marcxml:subfield code="c">Anthony Swofford.</marcxml:subfield>
  </marcxml:datafield>
  <marcxml:datafield tag="260" ind1=" " ind2=" ">
    <marcxml:subfield code="a">New York :</marcxml:subfield>
    <marcxml:subfield code="b">Scribner,</marcxml:subfield>
    <marcxml:subfield code="c">2003.</marcxml:subfield>
  </marcxml:datafield>
  <marcxml:datafield tag="300" ind1=" " ind2=" ">
    <marcxml:subfield code="a">260 p. ;</marcxml:subfield>
    <marcxml:subfield code="c">24 cm.</marcxml:subfield>
  </marcxml:datafield>
  <marcxml:datafield tag="650" ind1=" " ind2="0">
    <marcxml:subfield code="a">Persian Gulf War, 1991</marcxml:subfield>
    <marcxml:subfield code="v">Personal narratives, American.</marcxml:subfield>
  </marcxml:datafield>
  <marcxml:datafield tag="610" ind1="1" ind2="0">
    <marcxml:subfield code="a">United States.</marcxml:subfield>
    <marcxml:subfield code="b">Marine Corps.</marcxml:subfield>
    <marcxml:subfield code="b">Marine Regiment, 7th.</marcxml:subfield>
    <marcxml:subfield code="b">Battalion, 2nd.</marcxml:subfield>
    <marcxml:subfield code="b">Surveillance and Target Acquisition Platoon.</marcxml:subfield>
  </marcxml:datafield>
  <marcxml:datafield tag="600" ind1="1" ind2="0">
    <marcxml:subfield code="a">Swofford, Anthony.</marcxml:subfield>
  </marcxml:datafield>
  <marcxml:datafield tag="856" ind1="4" ind2="2">
    <marcxml:subfield code="3">Contributor biographical information</marcxml:subfield>
    <marcxml:subfield code="u">http://www.loc.gov/catdir/bios/simon053/2002030866.html</marcxml:subfield>
  </marcxml:datafield>
  <marcxml:datafield tag="856" ind1="4" ind2="2">
    <marcxml:subfield code="3">Publisher description</marcxml:subfield>
    <marcxml:subfield code="u">http://www.loc.gov/catdir/description/simon034/2002030866.html</marcxml:subfield>
  </marcxml:datafield>
  <marcxml:datafield tag="856" ind1="4" ind2="1">
    <marcxml:subfield code="3">Sample text</marcxml:subfield>
    <marcxml:subfield code="u">http://www.loc.gov/catdir/enhancements/fy0640/2002030866-s.html</marcxml:subfield>
  </marcxml:datafield>
</marcxml:record>
